<?xml version="1.0" encoding="UTF-8"?><collection xmlns="http://www.loc.gov/MARC21/slim"><record><leader>00720nam--2200205-i-4500</leader><controlfield tag="001">000017181</controlfield><controlfield tag="002">20161230</controlfield><controlfield tag="005">20170105231906</controlfield><controlfield tag="008">060222s1000------------r-----000-0-eng-d</controlfield><datafield ind1=" " ind2=" " tag="020"><subfield code="a">9810214219</subfield></datafield><datafield ind1=" " ind2=" " tag="040"><subfield code="a">IFIN-HH</subfield></datafield><datafield ind1=" " ind2=" " tag="080"><subfield code="a">539.12/.14(061.3)</subfield></datafield><datafield ind1="1" ind2=" " tag="100"><subfield code="a">Ali, A</subfield></datafield><datafield ind1="1" ind2="0" tag="245"><subfield code="a">Salamfestschrift</subfield><subfield code="b">A collection of talks from the conference on highlights of particle and condensed matter physics. ICTP, Trieste, Italy 8-12 March 1993</subfield><subfield code="c">A. Ali, J. Ellis, S. Randjbar-Daemi (eds.)</subfield></datafield><datafield ind1=" " ind2=" " tag="260"><subfield code="a">World Scientific</subfield><subfield code="b">Singapore</subfield><subfield code="c">1994</subfield></datafield><datafield ind1=" " ind2=" " tag="300"><subfield code="a">614 p</subfield></datafield><datafield ind1=" " ind2=" " tag="490"><subfield code="a">World Scientific Series In 20th Century Physics</subfield><subfield code="v">Vol. 4</subfield></datafield><datafield ind1="1" ind2=" " tag="700"><subfield code="a">Randjbar-Daemi, S</subfield><subfield code="e">Ed</subfield></datafield><datafield ind1=" " ind2=" " tag="852"><subfield code="a">80130</subfield><subfield code="c">539.12</subfield></datafield><datafield ind1=" " ind2=" " tag="CAT"><subfield code="a">SYS</subfield><subfield code="c">20170105</subfield><subfield code="h">231906</subfield></datafield></record></collection>